<record xmlns="http://www.loc.gov/MARC21/slim" xmlns:xsi="http://www.w3.org/2001/XMLSchema-instance" xsi:schemaLocation="http://www.loc.gov/MARC21/slim http://www.loc.gov/standards/marcxml/schema/MARC21slim.xsd"><leader>01036cz   2200277n  4500</leader><controlfield tag="001">oca00525727 </controlfield><controlfield tag="005">20050105173403.0</controlfield><controlfield tag="008">801210n| acannaab           |a aaa      </controlfield><datafield ind1=" " ind2=" " tag="010"><subfield code="a">n  80145600 </subfield></datafield><datafield ind1=" " ind2=" " tag="040"><subfield code="a">DLC</subfield><subfield code="c">DLC</subfield><subfield code="d">DLC</subfield></datafield><datafield ind1="1" ind2=" " tag="100"><subfield code="a">Tacitus, Cornelius</subfield></datafield><datafield ind1="1" ind2=" " tag="400"><subfield code="a">Tacitus, Gaius Cornelius</subfield></datafield><datafield ind1="1" ind2=" " tag="400"><subfield code="a">Tacitus, Publius Cornelius</subfield></datafield><datafield ind1="1" ind2=" " tag="400"><subfield code="a">Tatï¸&#160;sï¸¡it, KorneliiÌ&#x86;</subfield></datafield><datafield ind1="1" ind2=" " tag="400"><subfield code="a">Tacitus, P. Cornelius</subfield></datafield><datafield ind1="0" ind2=" " tag="400"><subfield code="a">Tacito</subfield></datafield><datafield ind1="0" ind2=" " tag="400"><subfield code="a">Tacite,</subfield><subfield code="d">56-ca. 120</subfield></datafield><datafield ind1="1" ind2=" " tag="400"><subfield code="a">Tacito, Caio Cornelio</subfield></datafield><datafield ind1="1" ind2=" " tag="400"><subfield code="a">Tacitus, C. Cornelius</subfield></datafield><datafield ind1="1" ind2=" " tag="400"><subfield code="a">Tacitus, Caius Cornelius</subfield></datafield><datafield ind1=" " ind2=" " tag="670"><subfield code="a">Schuster, M. Germanien, Land und Leute, 1944.</subfield></datafield><datafield ind1=" " ind2=" " tag="670"><subfield code="a">Pauly's real Encyc., 1900:</subfield><subfield code="b">4, col. 1576 (listed as Cornelius Tacitus)</subfield></datafield><datafield ind1=" " ind2=" " tag="670"><subfield code="a">Volpilhac-Auger, C. Tacite et Montesquieu, 1985.</subfield></datafield><datafield ind1=" " ind2=" " tag="670"><subfield code="a">His Dialogo dos oradores, 1852:</subfield><subfield code="b">t.p. (Caio Cornelio Tacito)</subfield></datafield><datafield ind1=" " ind2=" " tag="670"><subfield code="a">Ryckius, T. Theodori Ryckii Ad C. Cornelium Tacitum animadversiones, 1686.</subfield></datafield><datafield ind1=" " ind2=" " tag="670"><subfield code="a">Ency. Britannica Online, July 12, 2004:</subfield><subfield code="b">(Tacitus; b. AD 56; d. c. 120)</subfield></datafield></record>